@article{LEM,
  author =	"R. S. Michalski",
  title =	"{LEARNABLE EVOLUTION MODEL}: Evolutionary Processes
		 Guided by Machine Learning",
  journal =	"Machine Learning",
  year = 	"2000",
}
@article{PLEASURE,
author = "B. Goertzel",
title = "The Pleasure Algorithm",
journal = "http://groups.google.com/group/opencog/files",
year = 2008
}
@article{MosesWiki,
author = "M. Looks",
title = "MOSES Wiki",
journal = "http://code.google.com/p/moses/wiki",
year = 2008
}
@article{hBOA,
  author = 	 "Pelikan, M. and Goldberg, D. E.",
  title = 	 "A hierarchy machine: Learning to optimize from nature and humans",
  journal =	 "Complexity",
  year =	 2003
}
@Article{PIPE,
  author = 	 "Salustowicz, R. P. and Schmidhuber, J.",
  title = 	 "Probabilistic incremental program evolution",
  journal =	 "Evolutionary Computation",
  year =	 1997
}

@Article{DecisionTrees,
  author = 	 "Quinlan, J. R.",
  title = 	 "Induction of Decision Trees",
  journal =	 "Machine Learning",
  year =	 1986
}

@Article{Zigzag,
  author = 	 "Ziane, M. and Za'it, M. and Borla-Salamet, P.",
  title = 	 "Parallel Query Processing With Zigzag Trees",
  journal =	 "VLDB Journal",
  year =	 1993
}

@Article{Hvidsten,
  author = 	 "Hvidsten, T. and Laegreid, A. and Komorowski, J.",
  title = 	 "Learning Rules-Based Models of Biological Process from Gene Expression Time Profiles Using Gene Ontology",
  journal =	 "Bioinformatics",
  year =	 2003
}

@Article{GO,
  author = 	 "The Gene Ontology Consortium",
  title = 	 "Gene Ontology: Tools for the Unification of Biology",
  journal =	 "Nature Genetics",
  year =	 2000
}

@Article{Lagreid,
  author = 	 "Lagreid, A. and Hvidsten, T. and Midelfart, H. and Komorowski, J. and Sandvid, A.",
  title = 	 "Predicting Gene Ontology Biological Process from Temporal Gene Expression Patterns",
  journal =	 "Genome Research",
  year =	 2003
}

@Article{ADATE,
  author = "Olsson, J. R.",
  title  = "Inductive functional programming using incremental program transformation",
journal = "Artificial Intelligence",
year=1995
}

@article{Alignment,
 author = {W. Yang},
 title = {Identifying syntactic differences between two programs},
 journal = {Software--Practice \& Experience},
 year = {1991}
}
@Article{Solomonoff,
  author = 	 "Solomonoff, R.",
  title = 	 "A Formal Theory of Inductive Inference",
  journal =	 "Information and Control",
  year =	 1964
}
@Article{Solomonoff2,
  author = 	 "Solomonoff, R.",
  title = 	 "Complexity-based induction systems: Comparisons and Convergence Theorems",
  journal =	 "IEEE Transactions on Information Theory",
  year =	 1978
}
@Article{Mareschal,
  author = 	 "D. Mareschal and S. P. Johnson",
  title = 	 "Learning to perceive object unity",
  journal =	 "Developmental Science",
  year =	 2002
}

@Article{boolhuman,
  author = 	 "J. Feldman",
  title = 	 "Minimization of {B}oolean Complexity in Human Concept Learning",
  journal =	 "Nature",
  year =	 2000
}

@Article{messy,
  author = 	 "D. E. Goldberg and B. Korb and K. Deb",
  title = 	 "Messy genetic algorithms: Motivation, analysis, and first results",
  journal =	 "Complex Systems",
  year =	 1989
}

@article{Vanneschi,
 author = {M. Tomassini and L. Vanneschi and P. Collard and M. Clergue},
 title = {A Study of Fitness Distance Correlation as a Difficulty Measure in Genetic Programming},
 journal = {Evolutionary Computation},
 year = {2005}
}
@Article{Minsky,
  author = 	 "S. R. Hedberg",
  title = 	 "Celebrating Twenty-Five Years of AAAI: Notes from the AAAI-05 and IAAI-05 Conferences",
  journal =	 "AI Magazine",
  year =	 2005
}
@Article{BOA,
  author = 	 "Pelikan, M. and Goldberg, D. E. and Cant\'u-Paz, E.",
  title = 	 "Linkage Problem, Distribution Estimation, and {B}ayesian Networks",
  journal =	 "Evolutionary Computation",
  year =	 2002
}

@Article{GEP,
  author = 	 "Ferreira, C.",
  title = 	 " Gene Expression Programming: a New Adaptive Algorithm for Solving Problems",
  journal =	 "Complex Systems",
  year =	 2001
}

@Article{BayesNets,
  author = 	 "Heckerman, D. and Geiger, D. and Chickering, D.",
  title = 	 "Learning {B}ayesian Networks: The Combination of Knowledge and Statistical Data",
  journal =	 "Machine Learning",
  year =	 1994
}
@Article{Meta,
  author = 	 "D.G. King",
  title = 	 "Metaptation: the product of selection at the second tier",
  journal =	 "Evolutionary Theory",
  year =	 1985
}
@article{FDA,
 author = {H. M\"uhlenbein and T. Mahnig},
 title = {Convergence theory and applications of the factorized distribution algorithm},
  journal =	 "Journal of Computing and Information Technology",
  year =	 1998
}
@article{NPUnord,
 author = {K. Zhang and R. Statman and D. Shasha},
 title = {On the editing distance between unordered labeled trees},
 journal = {Information Processing Letters},
 year = {1992}
}

@article{NPMult,
author = "L. Wang and T. Jiang",
title = "On the complexity of multiple sequence alignment",
journal="Journal of Computational Biology",
year=1994
}

@article{FengDoolittle,
author = "D.F. Feng and R.F. Doolittle",
title = "Progressive sequence alignment as a prerequisite to correct phylogenetic trees",
journal="Journal of  Molecular Evolution",
year=1987
}

@article{Occam,
author = "A. Blumer and A. Ehrenfeucht and D. Haussler and M. K. Warmuth",
title ="Occam's Razor",
journal ="Information Processing Letters",
year=1987
}

@unpublished{Dijkstra,
   author = "E. W. Dijkstra",
   title = "On the cruelty of really teaching computing science ({EWD1036})",
   year = "1988",
   note = "{C}irculated privately",
   url = "http://www.cs.utexas.edu/users/EWD/ewd10xx/EWD1036.PDF",
}
@article{sizefair,
  AUTHOR =       "W. B. Langdon",
  TITLE =        "Size Fair and Homologous Tree Crossovers for Genetic Programming",
  journal = "Genetic Programming and Evolvable Machines",
  year = 	 2000
}

@article{phaseSAT,
  AUTHOR =       "R. Monasson and R. Zecchina and S. Kirkpatrick and B. Selman and L. Troyansky",
  TITLE =        "Determining computational complexity from characteristic `phase transitions'",
  journal = "Nature",
  year = 	 1999
}
@article{phaseTSP,
  AUTHOR =       "I. P. Gent and T. Walsh",
  TITLE =        "The {TSP} Phase Transition",
  journal = "Artificial Intelligence",
  year = 	 1996
}
@article{phaseTSPzhang,
  AUTHOR =       "W. Zhang and R. E. Korf",
  TITLE =        "A Study of Complexity Transitions on the Asymmetric Traveling Salesman Problem",
  journal = "Artificial Intelligence",
  year = 	 1996
}

@article{GPschema,
  AUTHOR =       "R. Poli and N. McPhee",
  TITLE =        "General Schema Theory for Genetic Programming with Subtree-Swapping Crossover",
  journal = "Evolutionary Computation",
  year = 	 2003
}

@article{darwinm,
  AUTHOR =       "W. H. Calvin",
  TITLE =        "The brain as a {D}arwin Machine",
  journal = "Nature",
  year = 	 1987
}
@article{sizingnoise,
  author = 	 "D. E. Goldberg and K. Deb and J. H. Clark",
  title = 	 "Genetic algorithms, noise, and the sizing of populations",
  journal =	 "Complex Systems",
  year =	 1992
}

@article{convergencebb,
  AUTHOR =       "B. L. Miller and D. E. Goldberg",
  TITLE =        "Genetic Algorithms, Selection Schemes and the Varying Effects of Noise",
  journal = "Evolutionary Computation",
  year = 	 1996
}

@Article{gr,
  author = 	 "G. Harik and E. Cant\'u-Paz and D. E. Goldberg and B L. Miller",
  title = 	 "The Gambler's Ruin Problem, Genetic Algorithms, and the Sizing of Populations",
  journal =	 "Evolutionary Computation",
  year =	 1999
}

@Article{neutral,
  author = 	 "M. Ebner and M. Shackleton and R. Shipman",
  title = 	 "How Neutral Networks Influence Evolvability",
  journal =	 "Complexity",
  year =	 2001
}

@Article{Kimura,
  author = 	 "M. Kimura",
  title = 	 "Evolutionary rate at the molecular level",
  journal =	 "Nature",
  year =	 1968
}

@Article{Valiant,
 author = {L. G. Valiant},
 title = {A theory of the learnable},
journal = "Communications of the ACM",
 year = {1984}
}

@Article{neutralevo,
author = "M. A. Huynen",
title = "Exploring Phenotype Space Through Neutral Evolution",
journal = "Journal of Molecular Evolution",
year=1996
}

@Article{EP,
author = "K. Chellapilla",
title = "Evolving computer programs without subtree crossover",
journal = "IEEE Transactions on Evolutionary Computation",
year=1997
}

@Article{CFS,
author = "B. Goertzel and C. Pennachin and L. Coelho and B. Gurbaxani and E. B. Maloney and J. F. Jones",
title = "Combinations of single nucleotide polymorphisms in neuroendocrine effector and receptor genes predict chronic fatigue syndrome",
journal = "Pharmacogenomics",
year=2006
}

@Article{Brains,
author = "T. Lu and Y. Pan and S. Y. Kao and C. Li and I. Kohane and J. Chan and B. A. Yankner",
title = "Gene regulation and {DNA} damage in the aging human brain",
journal = "Nature",
year=2004
}

@Article{LymphomaData,
author = "M. A. Shipp and K. N. Ross and P. Tamayo and A. P. Weng and J. L. Kutok and R. C. T. Aguiar \emph{et al.}",
title = "Diffuse large {B}-cell lymphoma outcome prediction by gene-expression
profiling and supervised machine learning",
journal = "Nature Medicine",
year= 2002
}
% and M.  Gaasenbeek and M. Angelo and M. Reich and G. S. Pinkus and T. S. Ray and M. A. Koval and K. W. Last and A. Norton and T. A. Lister and J. Mesirov and D. S. Neuberg and E. S. Lander and J. C. Aster and T. R. Golub",


@Article{LymphomaRes,
author = "A. Statnikov and C. F. Aliferis and I. Tsamardinos D. Hardin and S. Levy",
title = "A Comprehensive Evaluation of Multicategory Classification Methods for
Microarray Gene Expression Cancer Diagnosis",
journal ="Bioinformatics",
year = 2004
}

@Article{Turing1,
author = "A. Turing",
title = "Computing Machinery and Intelligence",
journal ="Mind",
year = 1950
}

@Article{STGP,
author = "D. J. Montana",
title = "Strongly Typed Genetic Programming",
journal ="Evolutionary Computation",
year = 1995
}

@Article{Hayek,
author = "E. B. Baum and I. Durdanovic",
title = "Evolution of Cooperative Problem Solving in an Artificial Economy",
journal ="Neural Computation",
year = 2000 
}

@article{smoothgp,
    author = "R. Poli and J. Page",
    title = "Solving High-Order {B}oolean Parity Problems with Smooth Uniform Crossover, Sub-Machine Code {GP} and Demes",
    journal = "Genetic Programming and Evolvable Machines",
    year = "2000"
}

@article{GE,
    author = " M. {O'Neill} and C. Ryan",
    title = "Grammatical Evolution",
journal = "IEEE Transactions on Evolutionary Computation",
    year = "2001"
}
@Book{Hofstadter,
  author = 	 "Hofstadter, D. R.",
  title = 	 "Metamagical Themas: Questing for the Essence of Mind and Pattern",
  publisher = 	 "Basic Books",
  year = 	 1985
}
@Book{FCCA,
  author = 	 "D. R. Hofstadter",
  title = 	 "Fluid Concepts and Creative Analogies",
  publisher = 	 "Basic Books",
  year = 	 1995
}
@Book{Holland,
  author = 	 "Holland, J. H.",
  title = 	 "Adaptation in Natural and Artificial Systems",
  publisher = 	 "University of Michigan Press",
  year = 	 1975
}
@Book{James,
  author = 	 "W. James",
  title = 	 "The Principles of Psychology",
  publisher = 	 "Holt",
  year = 	 1890
}
@Book{Bateson,
  author = 	 "G. Bateson",
  title = 	 "Mind and Nature: a Necessary Unity",
  publisher = 	 "Fontana",
  year = 	 1980
}
@Book{Dennett,
  author = 	 "D. Dennett",
  title = 	 "Brainstorms: Philosophical Essays on Mind and Psychology",
  publisher = 	 "Bradford Books",
  year = 	 1978
}
@Book{Rowan,
  author = 	 "J. Rowan",
  title = 	 "Subpersonalities: The People Inside Us",
  publisher = 	 "Routledge",
  year = 	 1990
}
@Book{Metzinger,
  author = 	 "T. Metzinger",
  title = 	 "Being No One",
  publisher = 	 "MIT Press",
  year = 	 2004
}
@Book{Baddeley,
  author = 	 "A. Baddeley",
  title = 	 "Essentials of Human Memory",
  publisher = 	 "Taylor and Francis Group",
  year = 	 1999
}
@Book{Goertzel93,
  author = 	 "Goertzel, B.",
  title = 	 "The Evolving Mind",
  publisher = 	 "Gordon and Breach",
  year = 	 1993
}
@Book{Goertzel94,
  author = 	 "Goertzel, B.",
  title = 	 "Chaotic Logic",
  publisher = 	 "Plenum",
  year = 	 1994
}
@Book{Goertzel97,
  author = 	 "Goertzel, B.",
  title = 	 "From Complexity to Creativity",
  publisher = 	 "Plenum",
  year = 	 1997
}
@Book{Hawkins,
  author = 	 "J. Hawkins and S. Blakeslee",
  title = 	 "On Intelligence",
  publisher = 	 "Times Books",
  year = 	 2004
}
@BOOK{Marr,
AUTHOR = {Marr, D.},
TITLE = {Vision: a computational investigation into the human representation and processing of visual information},
PUBLISHER = {W. H. Freeman, San Francisco},
YEAR = {1982}
}
@Book{Edelman,
  author = 	 "Edelman, G. M.",
  title = 	 "Neural Darwinism: The Theory of Neuronal Group Selection",
  publisher = 	 "Basic Books",
  year = 	 1988
}
@Book{Spiritual,
  author = 	 "R. Kurzweil",
  title = 	 "The Age of Spiritual Machines",
  publisher = 	 "Penguin",
  year = 	 2000
}
@Book{NeuralEngineering,
  author = 	 "C. Eliasmith and C. Anderson",
  title = 	 "Neural Engineering",
  publisher = 	 "MIT Press",
  year = 	 2003
}
@Book{Deacon,
  author = 	 "T. Deacon",
  title = 	 "The Symbolic Species",
  publisher = 	 "Norton",
  year = 	 1997
}
@Book{Baum,
  author = 	 "E. B. Baum",
  title = 	 "What is Thought?",
  publisher = 	 "MIT Press",
  year = 	 2004
}
@Book{Calvin,
  author = 	 "W. H. Calvin and D. Bickerton",
  title = 	 "Lingua ex Machina",
  publisher = 	 "MIT Press",
  year = 	 2000
}
@Book{MinskySOM,
  author = 	 "M. Minsky",
  title = 	 "The Society of Mind",
  publisher = 	 "Simon and Schuster",
  year = 	 1986
}
@Book{Koza,
  author =       "Koza, J. R.",
  title =        "Genetic Programming: On the Programming of
Computers by Means of Natural Selection",
  publisher =    "MIT Press",
  year =         1992,
}
@Book{GP2,
  author =       "Koza, J. R.",
  title =        "Genetic Programming II: Automatic Discovery of Reusable Programs",
  publisher =    "MIT Press",
  year =         1994,
}

@Book{Rumelhart,
  author = 	 {D. Rumelhart and J. McClelland and {PNP Research Group}},
  title = 	 {Parallel Distributed Processing: Explorations in the Microstructure of Cognition},
  publisher = 	 "MIT Press",
  year = 	 1986
}

@Book{Cyc,
  author = 	 {D. B. Lenat and R. V. Guha},
  title = 	 {Building Large Knowledge-Based Systems},
  publisher = 	 "Addison-Wesley",
  year = 	 1990
}

@Book{SOAR,
  author = 	 {A. Newell},
  title = 	 {Unified Theories of Cognition},
  publisher = 	 "Harvard University Press",
  year = 	 1990
}

@Book{ACTR,
  author = 	 {J. R. Anderson},
  title = 	 {Rules of the Mind},
  publisher = 	 "Erlbaum",
  year = 	 1993
}
@book{FOGP,
author = {Langdon, W. B.  and Poli, R.  },
title = {Foundations of Genetic Programming},
publisher = {Springer-Verlag},
year = {2002}
}
@book{simpleGA,
 author = {M. D. Vose},
 title = {The  Simple Genetic Algorithm: Foundations and Theory},
 year = {1998},
 publisher = {MIT Press}
}
@book{Simon,
 author = {H. A. Simon},
 title = {The  Sciences of the Artificial},
 year = {1996},
 publisher = {MIT Press}
}
@Book{DOI,
  author =       "Goldberg, D. E.",
  title =        "The Design of Innovation",
  publisher =    "Kluwer Academic",
  year =         2002
}
@Book{NFL,
  author = 	 "Watanabe, S.",
  title = 	 "Knowing and Guessing - a formal and quantitative study",
  publisher = 	 "John Wiley and Sons",
  year = 	 1969,
}
@Book{CurryFeys,
  author = 	 "Curry, H. B. and Feys, R.",
  title = 	 "Combinatory Logic",
  publisher = 	 "North-Holland",
  year = 	 1958
}
@Book{FieldHarrison,
  author = 	 "Field, A. J. and Harrison, P. G.",
  title = 	 "Functional Programming",
  publisher = 	 "Addison-Wesley",
  year = 	 1998,
}
@Book{Chaitin,
  author = 	 "Chaitin, G. J.",
  title = 	 "Algorithmic Information Theory",
  publisher = 	 "Cambridge University Press",
  year = 	 1987
}
@Book{Goldberg,
  author = 	 "Goldberg, D. E.",
  title = 	 "Genetic Algorithms in Search, Optimization and Machine Learning",
  publisher = 	 "Addison-Wesley",
  year = 	 1989
}
@Book{boolean,
  author = 	 "Wegener, I.",
  title = 	 "The Complexity of Boolean Functions",
  publisher = 	 "John Wiley and Sons",
  year = 	 1987
}
@Incollection{Goedel,
  author =       "J. Schmidhuber",
  editor =       "B. Goertzel and C. Pennachin",
  title =        "G{\"o}del Machines: Fully Self-Referential Optimal Universal Self-Improvers",
  booktitle =    "Artificial General Intelligence",
  year =         2005,
  publisher =    "Springer-Verlag"
}
@Incollection{Hutter,
  author =       "M. Hutter",
  editor =       "B. Goertzel and C. Pennachin",
  title =        "Universal Algorithmic Intelligence: A Mathematical Top-Down Approach",
  booktitle =    "Artificial General Intelligence",
  year =         2005,
  publisher =    "Springer-Verlag"
}
@Incollection{LOGI,
  author =       "E. Yudkowsky",
  editor =       "B. Goertzel and C. Pennachin",
  title =        "Levels of Organization in General Intelligence",
  booktitle =    "Artificial General Intelligence",
  year =         2005,
  publisher =    "Springer-Verlag"
}
@InCollection{Peirce,
  author = 	 "C. S. Peirce",
  edit =         "A.W. Burks",
  title = 	 {The Law of Mind},
  booktitle = 	 {The Collected Papers of Charles Saunders Peirce (1980)},
  publisher =    {Harvard University Press},
  volume =       8,
  year = 	 {1892}
}
@incollection{linkage,
    author = "G. R. Harik and David E. Goldberg",
    editor = "Richard K. Belew and Michael D. Vose",
    title = "Learning Linkage",
    booktitle = "{F}oundations of {G}enetic {A}lgorithms 4",
    publisher = "Morgan Kaufmann",
    year = "1997"
}
@Incollection{Turing,
  author =       "P. T. Saunders",
  editor =       "P. T. Saunders",
  title =        "Introduction",
  booktitle =    "The Collected Works of Alan Turing: Morphogenesis",
  year =         1992,
  publisher =    "North-Holland"
}

@incollection{henrion,
  author =       "Henrion, M.",
  editor =       "J.F. Lemmer and L.N. Kanal",
  title =        "Propagation of uncertainty in {B}ayesian networks by probabilistic logic sampling",
  booktitle =    "Uncertainty in Artificial Intelligence",
  year =         1988,
  publisher =    "Elsevier/North-Holland",
}
@incollection{NewAI,
  author =       "J. Schmidhuber",
  editor =       "B. Goertzel and C. Pennachin",
  title =        "The New AI: General \& Sound \& Relevant for Physics",
  booktitle =    "Artificial General Intelligence",
  year =         2005,
  publisher =    "Springer-Verlag"
}
@incollection{NNSunspots,
  author = 	 "Weigend, A. S. and Huberman, B. A. and Rumelhart, D. E.",
  editor =       "Casdagli, M. and Eubank, S.",
  title = 	 "Predicting sunspots and exchange rates with connectionist 
networks",
  booktitle =    "Nonlinear Modeling and Forecasting",
  year =	 1992,
  publisher =    "Addison-Wesley"
}
@incollection{Sastry,
  author = 	 "Sastry, K. and Goldberg, D. E.",
  editor =       "Riolo, R. and Worzel, B.",
  title = 	 "Probabilistic Model Building and Competent Genetic Programming",
  booktitle =    "Genetic Programming Theory and Practice",
  year =	 2003,
  publisher =    "Kluwer Academic Publishers"
}

@incollection{gpinitialbb,
  author = 	 "K. Sastry and U. M. O'Reilly and D. E. Goldberg and D. Hill",
  editor =       "Riolo, R. and Worzel, B.",
  title = 	 "Building block supply in genetic programming",
  booktitle =    "Genetic Programming Theory and Practice",
  year =	 2003,
  publisher =    "Kluwer Academic Publishers"
}

@incollection{gpdecisionbb,
  author = 	 "K. Sastry and U. M. O'Reilly and D. E. Goldberg",
  editor =       "U. M. O'Reilly and T. Yu and R. Riolo and B. Worzel",
  title = 	 "Population Sizing for Genetic Programming Based Upon Decision Making",
  booktitle =    "Genetic Programming Theory and Practice",
  year =	 2004,
  publisher =    "Kluwer Academic Publishers"
}

@incollection{Angeline,
    author = "P. J. Angeline",
    title = "Genetic Programming and Emergent Intelligence",
    booktitle = "Advances in Genetic Programming",
    publisher = "MIT Press",
    editor = "K. E. {Kinnear, Jr.}",
    year = "1994"
}

@incollection{PMBGP,
    author = "Y. Shan and R. I. McKay and D. Essam and H. A. Abbass",
    title = "A Survey of Probabilistic Model Building Genetic Programming",
    booktitle = "Scalable Optimization via Probabilistic Modeling: From Algorithms to Applications",
    publisher = "Springer",
    editor = "M. Pelikan and K. Sastry and  E. Cant\'u-Paz",
    year = 2006
}
@InProceedings{WalkSAT,
  title =	"Noise Strategies for Improving Local Search",
  author =	"B. Selman and H. A. Kautz and B. Cohen",
  year = 	"1994",
  booktitle =	"AAAI",
}
@InProceedings{Iclanzan,
  author =	"D. Iclanzan and D. Dumitrescu",
  title =	"Overcoming hierarchical difficulty by hill-climbing
		 the building block structure",
  booktitle =	"Genetic and evolutionary computation conference",
  year = 	"2007"
}
@InProceedings{Iclanzan2,
  author =	"D. Iclanzan and D. Dumitrescu",
  title =	"Going for the big fishes: Discovering and combining large
                 neutral and massively multimodel bilding-blocks with model
                 based macromutation",
  booktitle =	"Genetic and evolutionary computation conference",
  year = 	"2008"
}
@inproceedings{CompetentMutation,
 title =	"Designing Competent Mutation Operators via
		 Probabilistic Model Building of Neighborhoods",
  author =	"K. Sastry and D. E. Goldberg",
  booktitle =	"Genetic and evolutionary computation conference",
  year = 	"2004"
}
@InProceedings{CompetentMutation2,
  title =	"Combining competent crossover and mutation operators:
		 a probabilistic model building approach",
  author =	"C. F. Lima and K. Sastry and D. E. Goldberg and F. G. Lobo",
  booktitle =	"Genetic and Evolutionary Computation Conference",
  year = 	"2005"
}
@inproceedings{EDA,
 author = {H. M\"uhlenbein and G. Paa\ss},
 title = {From Recombination of Genes to the Estimation of Distributions {I}. Binary Parameters},
 booktitle = {Parallel Problem Solving from Nature},
 year = {1996},
}
@inproceedings{WhenWill,
    author = "M. Mitchell and J. H. Holland and S. Forrest",
    title = "When will a Genetic Algorithm Outperform Hill Climbing",
    booktitle = "Neural Information Processing Systems",
    year = "1994",
}
@inproceedings{Magical,
 author = {C. Elkan},
 title = {Magical Thinking in Data Mining: Lessons From {CoIL} Challenge 2000},
 booktitle = "Knowledge Discovery and Data Mining",
 year = "2001",
}
@inproceedings{Novamente,
  author = 	 "Looks, M. and Goertzel, B. and Pennachin, C.",
  title = 	 "Novamente: An Integrative Architecture for Artificial General Intelligence",
  booktitle =	 "AAAI Fall Symposium Series",
  year =	 2004
}
@inproceedings{DevelopmentalRobotics,
  author =       "D. S. Blank and D. Kumar and L. Meeden",
  title = 	 "A Developmental Approach to Intelligence",
  booktitle =	 "Midwest Artificial Intelligence and Cognitive Science Society Conference",
  year =	 2002
}
@inproceedings{friedman,
  author =       "Friedman, N. and Goldszmidt, M.",
  title =        "Learning {B}ayesian Networks with Local Structure",
  booktitle =    "Uncertainty in Artificial Intelligence",
  year =         1996
}
@inproceedings{Headless,
  author = 	 "Angeline, P. J.",
  title = 	 "Subtree Crossover: Building Block Engine or Macromutation?",
  booktitle =	 "Genetic Programming",
  year =	 1997,
}
@inproceedings{Rosca,
  author = 	 "Rosca, J.",
  title = 	 "Genetic Programming Acquires Solutions by Combining Top-Down and Bottom-Up Refinement",
  booktitle =	 "Foundations of Generic Programming",
  year =	 1999
}
@inproceedings{Fuchs,
  author = 	 "Fuchs, M.",
  title = 	 "Evolving Combinators",
  booktitle =	 "International Conference on Automated Deduction",
  year =	 1997
}
@inproceedings{TSP,
  author = 	 "Zhang, W. and Looks, M.",
  title = 	 "A Novel Local Search Algorithm for the Traveling Salesman Problem that Exploits Backbones",
  booktitle =	 "International Joint Conference on Artificial Intelligence",
  year =	 2005
}
@inproceedings{MAXSAT,
  author = 	 "Zhang, W. and Rangan, A. and Looks, M.",
  title = 	 "Backbone Guided Local Search for Maximum Satisfiability",
  booktitle =	 "International Joint Conference on Artificial Intelligence",
  year =	 2003
}
@inproceedings{BayesGeneralization,
  author = 	 "Sanjana, N. and Tenenbaum, J.",
  title = 	 "{B}ayesian Models of Inductive Generalization",
  booktitle =	 "Neural Information Processing Systems",
  year =	 2001
}
@inproceedings{BayesILP,
  author = 	 "Muggleton, S. H.", 
  title = 	 "{B}ayesian Inductive Logic Programming",
  booktitle =	 "International Machine Learning Conference",
  year =	 1994
}
@inproceedings{Kinnear,
    author = "K. E. {Kinnear, Jr.}",
    title = "Fitness Landscapes and Difficulty in Genetic Programming",
    booktitle = "{IEEE} World Conference on Computational Intelligence",
    year = "1994"
}
@inproceedings{FBBOA,
  author = 	 "Looks, M.",
  title = 	 "Levels of Abstraction in Modeling and Sampling: The Feature-Based {B}ayesian Optimization Algorithm",
  booktitle =	 "Genetic and Evolutionary Computation Conference",
  year =	 2006
}
@inproceedings{Bosman,
  author = 	 "Bosman, P. A. N. and Jong, E. D. de",
  title = 	 "Learning Probabilistic Tree Grammars for Genetic Programming",
  booktitle =	 "Parallel Problem Solving from Nature",
  year =	 2004
} 
@inproceedings{Shan1,
  author = 	 "Shan, Y. and McKay, R. I. and Baxter, R. and Abbass, H. and Essam, D. and Nguyen, H. X.",
  title = 	 "Grammar Model-based Program Evolution",
  booktitle =	 "Congress on Evolutionary Computation",
  year =	 2004
}
@inproceedings{PEEL,
  author = 	 "Shan, Y. and McKay, R. I. and Abbass, H. A. and Essam, D.",
  title = 	 "Program Evolution with Explicit Learning: a New Framework for Program Automatic Synthesis",
  booktitle =  "Congress on Evolutionary Computation",
  year = 	 2003
}

@inproceedings{Yanai1,
  author = 	 "Yanai, K. and Iba, H.",
  title = 	 "Estimation of distribution programming based on {B}ayesian network",
  booktitle =	 "Congress on Evolutionary Computation",
  year =	 2003
}
@inproceedings{Yanai2,
  author = 	 "Yanai, K. and Iba, H.",
  title = 	 "Program Evolution by Integrating {EDP} and {GP}",
  booktitle =	 "Genetic and Evolutionary Computation Conference",
  year =	 2004
}
@inproceedings{dechter,
  author =       "Dechter, R. and Mateescu, R.",
  title =        "Mixtures of deterministic-probabilistic networks and their AND/OR search space",
  booktitle =    "Uncertainty in Artificial Intelligence",
  year =         2004
}
@inproceedings{BOAP,
  author = 	 "Looks, M. and Goertzel, B. and Pennachin, C.",
  title = 	 "Learning Computer Programs with the {B}ayesian Optimization Algorithm",
  booktitle =	 "Genetic and Evolutionary Computation Conference",
  year =	 2005,
}
@inproceedings{vh,
  author =       "Van Hoyweghen, C. and Goldberg, D. E. and Naudts, B.",
  title =        "From TwoMax to the Ising Model: Easy and Hard Symmetrical Problems",
  booktitle =    "Genetic and Evolutionary Computation Conference",
  year =         2002
}
@inproceedings{hiff,
  author =       "Watson, R. A. and Hornby, G. S. and Pollack, J. B.",
  title =        "Modeling building-block interdependency",
  booktitle =    "Parallel Problem Solving from Nature",
  year =         1998
}
@inproceedings{devrep,
  author =       "De Jong, E. D.",
  title =        "Representation Development from Pareto-Coevolution",
  booktitle =    "Genetic and Evolutionary Computation Conference",
  year =         2003
}
@inproceedings{RealBOA,
  author    = {C. W. Ahn and R. S. Ramakrishna and D. E. Goldberg},
  title     = {Real-Coded {B}ayesian Optimization Algorithm: Bringing the Strength of {BOA} into the Continuous World},
  booktitle =    "Genetic and Evolutionary Computation Conference",
  year      = {2004}
}

@inproceedings{GPSunspots,
  author = 	 "Jaske, H.",
  title = 	 "Prediction of Sunspots by GP",
  booktitle =	 "Nordic Workshop on Genetic Algorithms and their Applications",
  year =	 1996
}
@inproceedings{oreilly,
  author = 	 "O'Reilly, U. M.",
  title = 	 "Using a distance metric on genetic programs to understand genetic operators",
  booktitle =	 "{IEEE} International Conference Conference on Systems, Man, and Cybernetics",
  year =	 1997
}
@inproceedings{caffeine,
  author = 	 "T. McConaghy and G. Gielen",
  title = 	 "Canonical Form Functions as a Simple Means for Genetic Programming to Evolve Human-Interpretable Functions",
  booktitle =    "Genetic and Evolutionary Computation Conference",
  year =	 2006
}
@inproceedings{aicog,
  author = 	 "Looks, M. and Goertzel, B.",
  title = 	 "Mixing Cognitive Science Concepts with Computer Science Algorithms and Data Structures: An Integrative Approach to Strong {AI}",
  booktitle =	 "AAAI Spring Symposium Series",
  year =	 2006
}
@inproceedings{cramergp,
  author = 	 "N. Cramer",
  title = 	 "A Representation for the Adaptive Generation of Simple Sequential Programs",
  booktitle =	 "International Conference on Genetic Algorithms",
  year =	 1985
}

@inproceedings{adateneutral,
  author = 	 "J. R. Olsson and Wilcox, B",
  title = "Self-improvement for the {ADATE} Automatic Programming System",
  booktitle = "WSES International Conference on Evolutionary Computation",
  year = 2002
}

@inproceedings{boasizing,
  author = 	 "Pelikan, M. and Goldberg, D. E. and Cant\'u-Paz, E.",
  title = "{B}ayesian Optimization Algorithm, Population Sizing, and Time to Convergence",
  booktitle =    "Genetic and Evolutionary Computation Conference",
  year = 2000
}

@inproceedings{initialbb,
    author = "D. E. Goldberg and K. Sastry and T. Latoza",
    title = "On The Supply Of Building Blocks",
    booktitle = "Genetic and Evolutionary Computation Conference",
year = 2001
}

@inproceedings{convergencebbexp,
    author = "D. Thierens and D. E. Goldberg and A. B. Pereira",
    title = "Domino convergence, drift and the temporal-salience structure of problems",
    booktitle = "{IEEE} International Conference on Evolutionary Computation",
year = 1998
}

@inproceedings{parameterlesshboa,
    author = "M. Pelikan and T. Lin",
    title = "Parameter-less hierarchical {BOA}",
    booktitle = "Genetic and Evolutionary Computation Conference",
year = 2004
}

@inproceedings{pairwisecomp,
    author = "K. Krawiec",
    title = "Pairwise Comparison of Hypotheses in Evolutionary Learning",
    booktitle = "International Conference on Machine Learning",
year = 2001
}

@inproceedings{netcrawler,
    author = "L. Barnett",
    title = "Netcrawling - Optimal Evolutionary Search with Neutral Networks",
    booktitle = "Congress on Evolutionary Computation",
    year = 2001
}

@inproceedings{simplify0,
author = "D. Hooper and N. S. Flann",
title = "Improving the accuracy and robustness of genetic programming through expression simplification",
booktitle = "Genetic Programming",
year = 1996,
}

@inproceedings{simplify1,
    author = "A. Ek\'art",
    title = "Shorter Fitness Preserving Genetic Programming",
    booktitle = "Artificial Evolution",
    year = 2000
}

@inproceedings{simplify2,
author = "P. Wong and M. Zhang",
title = "Algebraic Simplification of {GP} Programs During Evolution",
booktitle = "Genetic and Evolutionary Computation Conference",
year= 2006
}

@inproceedings{PIPEScale,
author = "R. Ondas and M. Pelikan and K. Sastry",
title = "Scalability of genetic programming and probabilistic incremental program evolution",
booktitle = "Genetic and Evolutionary Computation Conference",
year= 2005
}

@inproceedings{GEClass,
author = "B. Goertzel and L. Coelho and C. Pennachin and I. Goertzel and M. Queiroz and F. Prosdocimi and F. Lobo",
title = "Learning Comprehensible Classification Rules from Gene Expression Data Using Genetic Programming and Biological Ontologies",
booktitle = "Computational Intelligence Methods for Bioinformatics and Biostatistics",
year= 2006
}

@inproceedings{PerfectGood,
author = "S. Luke and L. Panait",
  title     = {Is The Perfect The Enemy Of The Good?},
booktitle = "Genetic and Evolutionary Computation Conference",
year= 2002
}

@inproceedings{ORDER,
author = "U. M. O'Reilly and D. E. Goldberg",
  title     = "How fitness structure affects subsolution acquisition in genetic programming",
booktitle = "Genetic Programming",
year= 1998
}

@inproceedings{InventFunctions,
author = "J. R. Olsson",
  title     = " How to Invent Functions",
  booktitle = "European Conference on Genetic Programming",
  year= 1999
}

@inproceedings{DAG,
  author = "R. Poli",
    title = "Evolution of Graph-like Programs with Parallel Distributed Genetic Programming",
  booktitle =	 "International Conference on Genetic Algorithms",
year= 1997
}

@inproceedings{sporadic,
author = "M. Pelikan and K. Sastry and D. E. Goldberg",
  title     = "Sporadic model building for efficiency enhancement of hierarchical {BOA}",
booktitle = "Genetic and Evolutionary Computation Conference",
year= 2006
}

@inproceedings{pts,
author = "J. Rehling and D. Hofstadter",
title = "The parallel terraced scan: an optimization for an agent-oriented architecture",
booktitle ="{IEEE} International Conference on Intelligent Processing Systems",
year = 1997
}

@inproceedings{fitnessbloat,
    author = "W. B. Langdon and R. Poli",
    title = "Fitness Causes Bloat",
    booktitle = "Online World Conference on Soft Computing in Engineering Design and Manufacturing",
    year = "1998"
}

@inproceedings{bap,
author = "E. N. Regolin and A. R. T. Pozo",
title = "{B}ayesian Automatic Programming",
    booktitle = "European Conference on Genetic Programming",
    year = "2005"
}

@inproceedings{samplingGP,
author = "S. Gustafson and E. K. Burke and G. Kendall",
title = "Sampling of Unique Structures and Behaviours in Genetic Programming",
    booktitle = "European Conference on Genetic Programming",
year = "2004"
}

@inproceedings{phenoGP,
author = "T. Haynes",
title = "Phenotypical Building Blocks for Genetic Programming",
  booktitle =	 "International Conference on Genetic Algorithms",
year = "1997"
}

@inproceedings{WalkSampling,
  title =	"Towards Efficient Sampling: Exploiting Random Walk
		 Strategies",
  author =	"W. Wei and J. Erenrich and B. Selman",
  year = 	"2004",
booktitle = "AAAI"
}
@InProceedings{BaumDescent,
  author =	"E. B. Baum",
  title =	"Towards Practical ``Neural'' Computation for
		 Combinatorial Optimization Problems",
  booktitle =	"Neural Networks for Computing",
  year = 	"1986"
}
@InProceedings{ls_invariants,
  title =	"Evidence for Invariants in Local Search",
  author =	"David A. McAllester and Bart Selman and Henry A.
		 Kautz",
  year = 	"1997",
  booktitle =	"AAAI"
}

@ARTICLE{tsa,
   author = {{de Vicente}, J. and {Lanchares}, J. and {Hermida}, R.},
    title = "{Placement by thermodynamic simulated annealing}",
  journal = {Physics Letters A},
     year = 2003,
}

@Article{stage,
  title =	"Learning Evaluation Functions to Improve Optimization
		 by Local Search",
  author =	"J. A. Boyan and A. W. Moore",
  journal =	"Journal of Machine Learning Research",
  year = 	"2000"
}

@Article{LSMC,
  author =	"O. Martin and S. W. Otto and E. W. Felten",
  title =	"Large-Step Markov Chains for the Traveling Salesman
		 Problem",
  journal =	"Complex Systems",
  year = 	"1991"
}

@Article{whyants,
author = "W. B. Langdon and R. Poli",
title = "Why ants are hard",
booktitle = "Genetic Programming",
year=1998
}
@PhdThesis{Me,
  author =	"M. Looks",
  title =	"Competent Program Evolution",
  school =	"Washington University in St. Louis",
  year = 	"2006"
}
@PhdThesis{ENF,
  author = 	 "Holman, C.",
  title = 	 "Elements of an Expert System for Determining the Satisfiability of General Boolean Expressions",
  school = 	 "Northwestern University",
  year = 	 1990
}

@PhdThesis{Ocenasek,
  author =       "Ocenasek, J.",
  title =        "Parallel Estimation of Distribution Algorithms",
  school =       "Brno University of Technology",
  year =         2002
}
@PhdThesis{RoscaPhD,
  author = 	 "J. Rosca",
  title = 	 "Hierarchical Learning with Procedural Abstraction Mechanisms",
  school = 	 "University of Rochester",
  year = 	 1997
}
@PhdThesis{Teller,
  author = 	 "A. Teller",
  title = 	 "Algorithm Evolution with Internal Reinforcement for Signal Understanding",
  school = 	 "Carnegie Mellon University",
  year = 	 1998
}
@PhdThesis{PelikanPhD,
  author = 	 "Pelikan, M.",
  title = 	 "Bayesian Optimization Algorithm: From Single 
Level to Hierarchy",
  school = 	 "University of Illinois at Urbana-Champaign",
  year = 	 2002
}
@PhdThesis{YuPhd,
  author = 	 "Yu, T.",
  title = 	 "An Analysis of the Impact of Functional Programming 
Techniques on Genetic Programming",
  school = 	 "University College London",
  year = 	 1999
}
@PhdThesis{Boese,
  author = 	 "K. D. Boese",
  title = 	 "Models for Iterative Global Optimization",
  school = 	 "University of California, Los Angeles",
  year = 	 1996
}
@PhdThesis{CAS,
  author = 	 "R. J. Fateman",
  title = 	 "Essays in Algebraic Simplification",
  school = 	 "MIT",
  year = 	 1972
}
@PhdThesis{gpdiversity,
  author = 	 "S. Gustafson",
  title = 	 "An Analysis of Diversity in Genetic Programming",
  school = 	 "University of Nottingham",
  year = 	 2004
}

@PhdThesis{Butz,
  author = 	 "M. V. Butz",
  title = 	 "Rule-based Evolutionary Online Learning Systems: Learning Bounds, Classification, and Prediction",
  school = 	 "University of Illinois at Urbana-Champaign",
  year = 	 2004
}
@techreport{Survey,
  AUTHOR =       "Pelikan, M. and Goldberg, D. E. and Lobo, F.",
  TITLE =        "A Survey of Optimization by Building and Using Probabilistic Models",
  institution =  "University of Illinois at Urbana-Champaign",
  year = 	 1999
}
@techreport{hPIPE,
  author = 	 "Salustowicz, R. P. and Schmidhuber, J.",
  title = 	 "H-pipe: Facilitating hierarchical program evolution through skip nodes",
  institution =  "IDSIA",
  year = 	 1998
}
@techreport{BOAMaxsat,
  author =       "Pelikan, M. and Goldberg, D. E.",
  title =        "Hierarchical {BOA} solves {I}sing spin glasses and {MAXSAT}",
  institution =  "University of Illinois at Urbana-Champaign",
  year =         2003
}

@techreport{PBIL,
    author = "Baluja, S.",
    title = "Population-Based Incremental Learning: {A} Method for Integrating Genetic Search Based Function Optimization and Competitive Learning",
    institution =  "Carnegie Mellon University",
    year = 1994
}
@techreport{MS,
  author = "M. Looks",
  title =  "Learning Computer Programs with the {B}ayesian Optimization Algorithm",
  institution =  "Washington University in St. Louis",
  year = 	 2005
}
@techreport{EDASurvey,
  author =       "Pelikan, M. and Goldberg, D. E. and Lobo, F.",
  title =        "A Survey of Optimization by Building and Using Probabilistic Models",
  institution =  "University of Illinois at Urbana-Champaign",
  year =         1999
}
@techreport{KozaIsland,
 author = {J. R. Koza and D. Andre},
 title = {Parallel Genetic Programming on a Network of Transputers},
 institution = {Stanford University},
 year = {1995}
}
@techreport{BS,
  author = "T. M. Mitchell",
  title =  "The need for biases in learning generalizations",
  institution =  "Rutgers University",
  year = 	 1980
}
@techreport{BosmanContin,
  author = "P. A. N. Bosman and J. Grahl",
  title =  "Matching Inductive Search Bias and Problem Structure in Continuous Estimation-of-Distribution Algorithms",
  institution =  "Manheim Business School",
  year = 	 2005
}
@techreport{selfadapt,
  author = 	 "Marc Toussaint",
  title = 	 "Self-adaptive exploration in Evolutionary Search",
  institution =  {Institut f\"ur Neuroinformatik},
  year = 	 2001
}
@techreport{BOATel,
  TITLE =        "Bad Codings and the Utility of Well-Designed Genetic Algorithms",
  author = "F. Rothlaud and D. E. Goldberg and A. Heinzl",
  institution =  "University of Illinois at Urbana-Champaign",
  year = 	 2000
}
@techreport{gasucks,
  AUTHOR =       "A. Juels and M. Wattenberg",
  TITLE =        "Stochastic Hillclimbing as a Baseline Method for Evaluating Genetic Algorithms",
  institution =  "University of California, Berkley",
  year = 	 1994
}

@techreport{Ising2,
  TITLE =        "Robust and Scalable Black-Box Optimization, Hierarchy, and Ising Spin Glasses",
  author = "M. Pelikan and D. E. Goldberg and J. Ocenasek and S. Trebst",
  institution =  "University of Illinois at Urbana-Champaign",
  year = 	 2003
}

@techreport{BOAES,
  TITLE =        "Combining the Strengths of the {B}ayesian Optimization Algorithm and Adaptive Evolution Strategies",
  author = "M. Pelikan and D. E. Goldberg and S. Tsutsui",
  institution =  "University of Illinois at Urbana-Champaign",
  year = 	 2001
}


@techreport{substruc,
author = "C. F. Lima and M. Pelikan and K. Sastry and M. Butz and D. E. Goldberg and F. Lobo",
  title     = "Substructural neighborhoods for local search in the {B}ayesian optimization algorithm",
  institution =  "University of Missouri-St. Louis",
year= 2006
}

@techreport{parallelmodeling,
author = "M. Pelikan and J. D. Laury",
  title     = "Order or Not: Does Parallelization of Model Building in {hBOA} Affect Its Scalability?",
  institution =  "University of Missouri-St. Louis",
year= 2006
}

@techreport{ECGA,
  author = "G. Harik",
  title = "Linkage Learning via Probabilistic Modeling in the {ECGA}",
  institution =  "University of Illinois at Urbana-Champaign",
  year = 	 1999
}

@techreport{entropypop,
author ="T. L. Yu and K. Sastry and D. E. Goldberg and M. Pelikan",
title = "Population Sizing for Entropy-based Model Building in Genetic Algorithms",
  institution =  "University of Illinois at Urbana-Champaign",
  year = 	 2006
}

@techreport{bettertrainedants,
author = "W. B. Langdon and R. Poli",
title = "Better Trained Ants for Genetic Programming",
  institution =  "University of Birmingham",
year = 1998
}
This is pdfeTeX, Version 3.141592-1.21a-2.2 (Web2C 7.5.4) (format=pdflatex 2007.11.7)  17 APR 2008 19:25
entering extended mode
**nu.tex

! Emergency stop.
<*> nu.tex
          
End of file on the terminal!

 
Here is how much of TeX's memory you used:
 2 strings out of 94500
 90 string characters out of 1174973
 48348 words of memory out of 1000000
 3273 multiletter control sequences out of 10000+50000
 3640 words of font info for 14 fonts, out of 500000 for 2000
 580 hyphenation exceptions out of 1000
 0i,0n,0p,9b,6s stack positions out of 1500i,500n,5000p,200000b,5000s
PDF statistics:
 0 PDF objects out of 300000
 0 named destinations out of 131072
 1 words of extra memory for PDF output out of 65536
No pages of output.
